<?xml version="1.0" encoding="UTF-8"?><collection xmlns="http://www.loc.gov/MARC21/slim"><record><leader>00345nam--2200121-i-4500</leader><controlfield tag="001">000033525</controlfield><controlfield tag="002">20161230</controlfield><controlfield tag="005">20161230201039</controlfield><controlfield tag="008">060222s1000------------r-----000-0-eng-d</controlfield><datafield ind1=" " ind2=" " tag="245"><subfield code="a">Traite pratique de technique du vide</subfield></datafield><datafield ind1=" " ind2=" " tag="260"><subfield code="a">Paris, Association Nationalel De La Recherche Technique, /1959/, Xvii + 347p</subfield></datafield><datafield ind1=" " ind2=" " tag="700"><subfield code="a">Morand, Max</subfield></datafield><datafield ind1=" " ind2=" " tag="852"><subfield code="a">15118</subfield></datafield></record></collection>